<?xml version="1.0" encoding="UTF-8"?><collection xmlns="http://www.loc.gov/MARC21/slim"><record><leader>00477nam--2200133-i-4500</leader><controlfield tag="001">000029975</controlfield><controlfield tag="002">20161230</controlfield><controlfield tag="005">20161230201038</controlfield><controlfield tag="008">060222s1000------------r-----000-0-eng-d</controlfield><datafield ind1=" " ind2=" " tag="100"><subfield code="a">Kuzminsky, A.S., Nikitina, T.S., Zhuravskaya, E.V</subfield></datafield><datafield ind1=" " ind2=" " tag="245"><subfield code="a">Effect of ionizing radiation on high polymers.translated from the russian by scripta technica, inc</subfield></datafield><datafield ind1=" " ind2=" " tag="260"><subfield code="a">New York, Gordon And Breach, 1963. Vi+90p</subfield></datafield><datafield ind1=" " ind2=" " tag="490"><subfield code="a">Russian Tracts On Advanced Mathematics And Physics</subfield></datafield><datafield ind1=" " ind2=" " tag="852"><subfield code="a">22962</subfield></datafield></record></collection>